Example
TODO: REMOVE
@article{barra2020deep,
  title     = {Deep learning and time series-to-image encoding for financial forecasting},
  author    = {Barra, Silvio and Carta, Salvatore Mario and Corriga, Andrea and Podda, Alessandro Sebastian and Recupero, Diego Reforgiato},
  journal   = {IEEE/CAA Journal of Automatica Sinica},
  volume    = {7},
  number    = {3},
  pages     = {683--692},
  year      = {2020},
  publisher = {IEEE},
}

Perspective correction

@inproceedings{persp:docs,
  title     = {Perspective correction methods for camera based document analysis},
  author    = {Jagannathan, L and Jawahar, CV},
  booktitle = {Proc. First Int. Workshop on Camera-based Document Analysis and Recognition},
  pages     = {148--154},
  year      = {2005},
}
@article{persp:map,
  author    = {Bingxian Lin and Changlu Xu and Xin Lan and Liangchen Zhou},
  title     = {A method of perspective normalization for video images based on map data},
  journal   = {Annals of GIS},
  volume    = {26},
  number    = {1},
  pages     = {35-47},
  year      = {2020},
  publisher = {Taylor & Francis},
  doi       = {10.1080/19475683.2019.1704870},
  url       = {https://doi.org/10.1080/19475683.2019.1704870},
}
@article{persp:depth,
  author  = {Kwon, Soon-Kak and Lee, Dong-Seok},
  year    = {2015},
  month   = {02},
  pages   = {106-112},
  title   = {Correction of Perspective Distortion Image Using Depth Information},
  volume  = {18},
  journal = {Journal of Korea Multimedia Society},
  doi     = {10.9717/kmms.2015.18.2.106},
}
